<?xml version="1.0" encoding="UTF-8"?><record xmlns="http://www.loc.gov/MARC21/slim" xmlns:cinclude="http://apache.org/cocoon/include/1.0" xmlns:zs="http://www.loc.gov/zing/srw/">
  <leader>00359nz  a2200121n  4500</leader>
  <controlfield tag="001">n  96082001 </controlfield>
  <controlfield tag="003">DLC</controlfield>
  <controlfield tag="005">19960830154157.6</controlfield>
  <controlfield tag="008">960822n| acannaab|          |n aaa |||  </controlfield>
  <datafield tag="010" ind1=" " ind2=" ">
    <subfield code="a">n  96082001 </subfield>
  </datafield>
  <datafield tag="040" ind1=" " ind2=" ">
    <subfield code="a">DLC</subfield>
    <subfield code="c">DLC</subfield>
  </datafield>
  <datafield tag="100" ind1="1" ind2="0">
    <subfield code="a">Ingham, Anne Marie</subfield>
  </datafield>
  <datafield tag="670" ind1=" " ind2=" ">
    <subfield code="a">The boss drover and his mates, 1996:</subfield>
    <subfield code="b">t.p. (Anne Marie Ingham) jkt. (b. Australia prior to World War II)</subfield>
  </datafield>
</record>